<record><leader>00000cas a22000007a 4500</leader><controlfield tag="001">14072560</controlfield><controlfield tag="008">860811d19001911txuwr ne      0    0eng d</controlfield><datafield ind1=" " ind2=" " tag="010"><subfield code="a">sn 86088338 </subfield></datafield><datafield ind1=" " ind2=" " tag="040"><subfield code="a">PPM</subfield><subfield code="b">eng</subfield><subfield code="c">PPM</subfield><subfield code="d">OCLCQ</subfield></datafield><datafield ind1=" " ind2=" " tag="042"><subfield code="a">msc</subfield></datafield><datafield ind1="0" ind2=" " tag="130"><subfield code="a">Courier-chronicle (Calvert, Tex.)</subfield></datafield><datafield ind1="1" ind2="4" tag="245"><subfield code="a">The Courier-chronicle.</subfield></datafield><datafield ind1="1" ind2="3" tag="246"><subfield code="a">Calvert chronicle</subfield></datafield><datafield ind1=" " ind2=" " tag="260"><subfield code="a">Calvert, Tex. :</subfield><subfield code="b">C.W. Gordon</subfield></datafield><datafield ind1=" " ind2=" " tag="300"><subfield code="a">v. :</subfield><subfield code="b">ill.</subfield></datafield><datafield ind1=" " ind2=" " tag="310"><subfield code="a">Weekly</subfield></datafield><datafield ind1="1" ind2=" " tag="362"><subfield code="a">Began in 1900.</subfield></datafield><datafield ind1="0" ind2=" " tag="362"><subfield code="a">-v. 32, no. 40 (May 19, 1911).</subfield></datafield><datafield ind1=" " ind2=" " tag="515"><subfield code="a">Continues numbering of Calvert courier.</subfield></datafield><datafield ind1=" " ind2=" " tag="588"><subfield code="a">Description based on: Vol. 24, no. 24 (June 15, 1900).</subfield></datafield><datafield ind1=" " ind2=" " tag="752"><subfield code="a">United States</subfield><subfield code="b">Texas</subfield><subfield code="c">Robertson</subfield><subfield code="d">Calvert.</subfield></datafield><datafield ind1="0" ind2="4" tag="780"><subfield code="t">Calvert courier</subfield><subfield code="w">(DLC)sn 86088596</subfield></datafield><datafield ind1="0" ind2="4" tag="780"><subfield code="t">Calvert chronicle</subfield><subfield code="w">(DLC)sn 86088366</subfield></datafield><datafield ind1="0" ind2="0" tag="785"><subfield code="t">Calvert picayune</subfield><subfield code="w">(DLC)sn 86088338</subfield></datafield></record>